@misc{rfc6555,
  author="D. Wing and A. Yourtchenko",
  title="{Happy Eyeballs: Success with Dual-Stack Hosts}",
  series="Request for Comments",
  number="6555",
  howpublished="RFC 6555 (Proposed Standard)",
  publisher="IETF",
  organization="Internet Engineering Task Force",
  year=2012,
  month=apr,
  url="http://www.ietf.org/rfc/rfc6555.txt",
}za

@inproceedings{sundaresan:2011,
 author = {Sundaresan, Srikanth and de Donato, Walter and Feamster, Nick and Teixeira, Renata and Crawford, Sam and Pescap\`{e}, Antonio},
 title = {Broadband internet performance: a view from the gateway},
 booktitle = {Proceedings of the ACM SIGCOMM 2011 conference},
 series = {SIGCOMM '11},
 year = {2011},
 isbn = {978-1-4503-0797-0},
 location = {Toronto, Ontario, Canada},
 pages = {134--145},
 numpages = {12},
 url = {http://doi.acm.org/10.1145/2018436.2018452},
 doi = {10.1145/2018436.2018452},
 acmid = {2018452},
 publisher = {ACM},
 address = {New York, NY, USA},
 keywords = {access networks, benchmarking, bismark, broadband networks},
}

@inproceedings{fainelli:2008,
  title="{The OpenWrt embedded development framework}",
  author={Fainelli, F.},
  booktitle={Proceedings of the Free and Open Source Software Developers European Meeting},
  year={2008}
}

@misc{rfc4380,
  author="C. Huitema",
  title="{Teredo: Tunneling IPv6 over UDP through Network Address Translations (NATs)}",
  series="Request for Comments",
  number="4380",
  howpublished="RFC 4380 (Proposed Standard)",
  publisher="IETF",
  organization="Internet Engineering Task Force",
  year=2006,
  month=feb,
    note="Updated by RFCs 5991, 6081",
  url="http://www.ietf.org/rfc/rfc4380.txt",
}

@misc{rfc3493,
  author="R. Gilligan and S. Thomson and J. Bound and J. McCann and W. Stevens",
  title="{Basic Socket Interface Extensions for IPv6}",
  series="Request for Comments",
  number="3493",
  howpublished="RFC 3493 (Informational)",
  publisher="IETF",
  organization="Internet Engineering Task Force",
  year=2003,
  month=feb,
    url="http://www.ietf.org/rfc/rfc3493.txt",
}

@misc{rfc3484,
  author="R. Draves",
  title="{Default Address Selection for Internet Protocol version 6 (IPv6)}",
  series="Request for Comments",
  number="3484",
  howpublished="RFC 3484 (Proposed Standard)",
  publisher="IETF",
  organization="Internet Engineering Task Force",
  year=2003,
  month=feb,
    note="Obsoleted by RFC 6724",
  url="http://www.ietf.org/rfc/rfc3484.txt",
}
